[
  {
    "promotion_id": "promo-2023-q1",
    "promotion_name": "Easter Chocolate",
    "start_date": "2023-12-27",
    "end_date": "2024-01-11",
    "discount_percentage": 20,
    "baseline_revenue": 92765,
    "actual_revenue": 117329,
    "incremental_lift": 0.26,
    "promotion_cost": 5566,
    "incremental_profit": 18997,
    "roi": 3.41,
    "statistical_significance": true,
    "p_value": 0.001
  },
  {
    "promotion_id": "promo-2023-q2",
    "promotion_name": "Mothers Day",
    "start_date": "2024-02-25",
    "end_date": "2024-03-10",
    "discount_percentage": 15,
    "baseline_revenue": 139340,
    "actual_revenue": 175235,
    "incremental_lift": 0.26,
    "promotion_cost": 6270,
    "incremental_profit": 29625,
    "roi": 4.72,
    "statistical_significance": true,
    "p_value": 0.001
  },
  {
    "promotion_id": "promo-2023-q3",
    "promotion_name": "Back to School",
    "start_date": "2024-04-25",
    "end_date": "2024-05-25",
    "discount_percentage": 10,
    "baseline_revenue": 155553,
    "actual_revenue": 196136,
    "incremental_lift": 0.26,
    "promotion_cost": 4667,
    "incremental_profit": 35916,
    "roi": 7.7,
    "statistical_significance": true,
    "p_value": 0.001
  },
  {
    "promotion_id": "promo-2023-q4",
    "promotion_name": "Festive Season",
    "start_date": "2024-09-17",
    "end_date": "2024-11-01",
    "discount_percentage": 25,
    "baseline_revenue": 104315,
    "actual_revenue": 120732,
    "incremental_lift": 0.16,
    "promotion_cost": 7824,
    "incremental_profit": 8594,
    "roi": 1.1,
    "statistical_significance": true,
    "p_value": 0.001
  },
  {
    "promotion_id": "promo-2024-q1",
    "promotion_name": "Easter Chocolate",
    "start_date": "2024-12-26",
    "end_date": "2025-01-10",
    "discount_percentage": 20,
    "baseline_revenue": 114530,
    "actual_revenue": 141272,
    "incremental_lift": 0.23,
    "promotion_cost": 6872,
    "incremental_profit": 19870,
    "roi": 2.89,
    "statistical_significance": true,
    "p_value": 0.001
  },
  {
    "promotion_id": "promo-2024-q2",
    "promotion_name": "Mothers Day",
    "start_date": "2025-02-24",
    "end_date": "2025-03-10",
    "discount_percentage": 15,
    "baseline_revenue": 180617,
    "actual_revenue": 214649,
    "incremental_lift": 0.19,
    "promotion_cost": 8128,
    "incremental_profit": 25904,
    "roi": 3.19,
    "statistical_significance": true,
    "p_value": 0.001
  },
  {
    "promotion_id": "promo-2024-q3",
    "promotion_name": "Back to School",
    "start_date": "2025-04-25",
    "end_date": "2025-05-25",
    "discount_percentage": 10,
    "baseline_revenue": 57753,
    "actual_revenue": 69083,
    "incremental_lift": 0.2,
    "promotion_cost": 1733,
    "incremental_profit": 9597,
    "roi": 5.54,
    "statistical_significance": true,
    "p_value": 0.001
  },
  {
    "promotion_id": "promo-2024-q4",
    "promotion_name": "Festive Season",
    "start_date": "2025-09-17",
    "end_date": "2025-10-26",
    "discount_percentage": 25,
    "baseline_revenue": 137331,
    "actual_revenue": 161179,
    "incremental_lift": 0.17,
    "promotion_cost": 10300,
    "incremental_profit": 13549,
    "roi": 1.32,
    "statistical_significance": true,
    "p_value": 0.001
  }
]